<?xml version="1.0" encoding="UTF-8"?><record xmlns="http://www.loc.gov/MARC21/slim" xmlns:cinclude="http://apache.org/cocoon/include/1.0" xmlns:zs="http://www.loc.gov/zing/srw/">
  <leader>02175nz  a2200265n  4500</leader>
  <controlfield tag="001">nb2014026951</controlfield>
  <controlfield tag="003">DLC</controlfield>
  <controlfield tag="005">20141126050905.0</controlfield>
  <controlfield tag="008">141125n| azannaabn          |a ana      </controlfield>
  <datafield tag="010" ind1=" " ind2=" ">
    <subfield code="a">nb2014026951</subfield>
  </datafield>
  <datafield tag="035" ind1=" " ind2=" ">
    <subfield code="a">(Uk)009196588</subfield>
  </datafield>
  <datafield tag="040" ind1=" " ind2=" ">
    <subfield code="a">Uk</subfield>
    <subfield code="b">eng</subfield>
    <subfield code="e">rda</subfield>
    <subfield code="c">Uk</subfield>
  </datafield>
  <datafield tag="046" ind1=" " ind2=" ">
    <subfield code="s">1985</subfield>
  </datafield>
  <datafield tag="110" ind1="2" ind2=" ">
    <subfield code="a">Standard Chartered Bank (1985- )</subfield>
  </datafield>
  <datafield tag="368" ind1=" " ind2=" ">
    <subfield code="a">Financial institutions</subfield>
    <subfield code="2">lcsh</subfield>
  </datafield>
  <datafield tag="370" ind1=" " ind2=" ">
    <subfield code="c">Great Britain</subfield>
    <subfield code="c">England</subfield>
    <subfield code="e">London (England)</subfield>
    <subfield code="2">naf</subfield>
  </datafield>
  <datafield tag="372" ind1=" " ind2=" ">
    <subfield code="a">Banks and banking</subfield>
    <subfield code="2">lcsh</subfield>
  </datafield>
  <datafield tag="377" ind1=" " ind2=" ">
    <subfield code="a">eng</subfield>
  </datafield>
  <datafield tag="510" ind1="2" ind2=" ">
    <subfield code="w">r</subfield>
    <subfield code="i">Predecessor:</subfield>
    <subfield code="a">Standard Bank Limited</subfield>
  </datafield>
  <datafield tag="510" ind1="2" ind2=" ">
    <subfield code="w">r</subfield>
    <subfield code="i">Predecessor:</subfield>
    <subfield code="a">Chartered Bank (London, England)</subfield>
  </datafield>
  <datafield tag="510" ind1="2" ind2=" ">
    <subfield code="a">Standard Chartered (Firm)</subfield>
  </datafield>
  <datafield tag="670" ind1=" " ind2=" ">
    <subfield code="a">Standard Chartered review, Jan. 1985:</subfield>
    <subfield code="b">p.56 (Standard Chartered Bank; on 1st January 1985, The Standard Bank and The Chartered Bank formally adopted the name of their parent group, Standard Chartered; head office: 10 Clements Lane, Lombard Street, London EC4N 7AB)</subfield>
  </datafield>
  <datafield tag="670" ind1=" " ind2=" ">
    <subfield code="a">AIM25 (Archives in London and the M25 area) website, viewed 31 Oct. 2014:</subfield>
    <subfield code="b">under Standard Chartered Bank (the Chartered Bank merged with the Standard Bank in 1969, creating the Standard Chartered Banking Group Limited; both banks continued to operate separately; on 1 October 1975 the name of the Group was changed to Standard Chartered Bank Limited; in 1983 all banking operations of both Standard Bank and Chartered Bank were brought together into one company, titled, Standard Chartered Bank; in 1985 the parent company [the Group] was renamed Standard Chartered PLC; following the 1969 merger the bank retained City of London headquarter premises at 10 Clements Lane (former headquarters of Standard Bank Limited) and at 38 Bishopsgate (former headquarters of Chartered Bank, until new premises were opened in Aldermanbury Square in 1990)</subfield>
  </datafield>
  <datafield tag="670" ind1=" " ind2=" ">
    <subfield code="a">Standard Chartered plc website, viewed 31 Oct. 2014:</subfield>
    <subfield code="b">about p. (international banking group) contact p. (global headquarters: Standard Chartered Bank, 1 Basinghall Avenue, London EC2V 5DD, UK)</subfield>
  </datafield>
  <datafield tag="670" ind1=" " ind2=" ">
    <subfield code="a">DueDil website, viewed 25 Nov. 2014</subfield>
    <subfield code="b">(Standard Chartered Bank; previous registered name: The Chartered Bank, until 4 Feb. 1985; ultimate parent: Standard Chartered PLC)</subfield>
  </datafield>
</record>